@misc{news-wrong-address-delivery,
	title = {Amazon Sends Me Someone Else’s Order. {W}hy Don’t They Care If {I} Send It Back?},
	howpublished = {\url{https://consumerist.com/2015/12/02/amazon-sends-me-someone-elses-order-why-dont-they-care-if-i-send-it-back/}},
	note = {Accessed: 2016-09-17}
}
@misc{mnist-dataset,
	title = {The {MNIST} database of handwritten digits},
	howpublished = {\url{http://yann.lecun.com/exdb/mnist/}},
	note = {Accessed: 2016-09-03}
}
@MISC{Vaillant94anoriginal,
	author = {Régis Vaillant and Christophe Monrocq and Yann Le Cun},
	title = {An Original Approach for the Localization of Objects in Images},
	year = {1994}
}
@article{SermanetEZMFL13,
	author    = {Pierre Sermanet and
	David Eigen and
	Xiang Zhang and
	Micha{\"{e}}l Mathieu and
	Rob Fergus and
	Yann LeCun},
	title     = {OverFeat: Integrated Recognition, Localization and Detection using
	Convolutional Networks},
	journal   = {CoRR},
	volume    = {abs/1312.6229},
	year      = {2013},
	url       = {http://arxiv.org/abs/1312.6229},
	timestamp = {Mon, 06 Jan 2014 15:10:41 +0100},
	biburl    = {http://dblp.uni-trier.de/rec/bib/journals/corr/SermanetEZMFL13},
	bibsource = {dblp computer science bibliography, http://dblp.org}
}
@ARTICLE{lecun1998, 
	author={Y. Lecun and L. Bottou and Y. Bengio and P. Haffner}, 
	journal={Proceedings of the IEEE}, 
	title={Gradient-based learning applied to document recognition}, 
	year={1998}, 
	volume={86}, 
	number={11}, 
	pages={2278-2324}, 
	keywords={backpropagation;convolution;multilayer perceptrons;optical character recognition;2D shape variability;GTN;back-propagation;cheque reading;complex decision surface synthesis;convolutional neural network character recognizers;document recognition;document recognition systems;field extraction;gradient based learning technique;gradient-based learning;graph transformer networks;handwritten character recognition;handwritten digit recognition task;high-dimensional patterns;language modeling;multilayer neural networks;multimodule systems;performance measure minimization;segmentation recognition;Character recognition;Feature extraction;Hidden Markov models;Machine learning;Multi-layer neural network;Neural networks;Optical character recognition software;Optical computing;Pattern recognition;Principal component analysis}, 
	doi={10.1109/5.726791}, 
	ISSN={0018-9219}, 
	month={Nov},}
@misc{svhn-dataset,
	title = {The Street View House Numbers ({SVHN}) Dataset},
	howpublished = {\url{http://ufldl.stanford.edu/housenumbers/}},
	note = {Accessed: 2016-09-03}
}
@article{netzer2011, 
	author={Yuval Netzer and Tao Wang and Adam Coates and Alessandro Bissacco and Bo Wu and Andrew Y. Ng}, 
	journal={NIPS Workshop on Deep Learning and Unsupervised Feature Learning}, 
	title={Reading Digits in Natural Images	with Unsupervised Feature Learning}, 
	year={2011}
}
@article{GoodfellowBIAS13,
	author    = {Ian J. Goodfellow and
	Yaroslav Bulatov and
	Julian Ibarz and
	Sacha Arnoud and
	Vinay D. Shet},
	title     = {Multi-digit Number Recognition from Street View Imagery using Deep
	Convolutional Neural Networks},
	journal   = {CoRR},
	volume    = {abs/1312.6082},
	year      = {2013},
	url       = {http://arxiv.org/abs/1312.6082},
	timestamp = {Fri, 04 Dec 2015 12:23:11 +0100},
	biburl    = {http://dblp.uni-trier.de/rec/bib/journals/corr/GoodfellowBIAS13},
	bibsource = {dblp computer science bibliography, http://dblp.org}
}
@misc{mnist-multi-eval,
	title = {Some evaluation results of {MNIST} multi-digit model},
	howpublished = {\url{https://github.com/QuaziRandom/MLND_Capstone/tree/master/eval/mnist_multi_digit}},
	note = {Updated: 2016-09-19}
}
@misc{svhn-multi-eval,
	title = {Some evaluation results of detection model on {SVHN} test dataset},
	howpublished = {\url{https://github.com/QuaziRandom/MLND_Capstone/tree/master/eval/svhn_multi_digit}},
	note = {Updated: 2016-09-19}
}
@misc{google-street-view-samples,
	title = {Sample images from Google Street View/Maps},
	howpublished = {\url{https://github.com/QuaziRandom/MLND_Capstone/tree/master/sample}},
	note = {Accessed: 2016-09-25}
}
@misc{combined-eval,
	title = {Evaluation results of combined model on {SVHN} test dataset},
	howpublished = {\url{https://github.com/QuaziRandom/MLND_Capstone/tree/master/eval/mnist_multi_digit}},
	note = {Updated: 2016-09-19}
}
@article{KingmaB14,
	author    = {Diederik P. Kingma and
	Jimmy Ba},
	title     = {Adam: {A} Method for Stochastic Optimization},
	journal   = {CoRR},
	volume    = {abs/1412.6980},
	year      = {2014},
	url       = {http://arxiv.org/abs/1412.6980},
	timestamp = {Thu, 01 Jan 2015 19:51:08 +0100},
	biburl    = {http://dblp.uni-trier.de/rec/bib/journals/corr/KingmaB14},
	bibsource = {dblp computer science bibliography, http://dblp.org}
}
@INPROCEEDINGS{Glorot10,
	author = {Xavier Glorot and Yoshua Bengio},
	title = {Understanding the difficulty of training deep feedforward neural networks},
	booktitle = {In Proceedings of the International Conference on Artificial Intelligence and Statistics (AISTATS’10). Society for Artificial Intelligence and Statistics},
	year = {2010}
}
@article{HeZR015,
	author    = {Kaiming He and
	Xiangyu Zhang and
	Shaoqing Ren and
	Jian Sun},
	title     = {Delving Deep into Rectifiers: Surpassing Human-Level Performance on
	ImageNet Classification},
	journal   = {CoRR},
	volume    = {abs/1502.01852},
	year      = {2015},
	url       = {http://arxiv.org/abs/1502.01852},
	timestamp = {Mon, 02 Mar 2015 14:17:34 +0100},
	biburl    = {http://dblp.uni-trier.de/rec/bib/journals/corr/HeZR015},
	bibsource = {dblp computer science bibliography, http://dblp.org}
}
@article{Bergstra2012,
	author = {Bergstra, James and Bengio, Yoshua},
	title = {Random Search for Hyper-parameter Optimization},
	journal = {J. Mach. Learn. Res.},
	issue_date = {3/1/2012},
	volume = {13},
	month = feb,
	year = {2012},
	issn = {1532-4435},
	pages = {281--305},
	numpages = {25},
	url = {http://dl.acm.org/citation.cfm?id=2188385.2188395},
	acmid = {2188395},
	publisher = {JMLR.org},
	keywords = {deep learning, global optimization, model selection, neural networks, response surface modeling},
} 
@misc{cs231n,
	title = {{CS231}n: Convolutional Neural Networks for Visual Recognition},
	howpublished = {\url{http://cs231n.stanford.edu/}},
	note = {Accessed: 2016-08-27}
}
@misc{tensorflow-doc,
	title = {{T}ensor{F}low {API} documentation},
	howpublished = {\url{https://www.tensorflow.org/versions/r0.10/api_docs/index.html}},
	note = {Accessed: 2016-08-20}
}